Quarter,Administration,Sales,Marketing,IT,Operations,Customer Service
Q1-2019,15%,30%,20%,10%,15%,10%
Q2-2019,14%,30%,21%,11%,14%,10%
Q3-2019,15%,28%,22%,10%,15%,10%
Q4-2019,16%,27%,23%,9%,15%,10%
Q1-2020,16%,26%,24%,11%,13%,10%
Q2-2020,17%,25%,23%,12%,13%,10%
Q3-2020,17%,24%,25%,11%,13%,10%
Q4-2020,18%,23%,26%,11%,12%,10%
Q1-2021,18%,22%,26%,12%,12%,10%
Q2-2021,19%,21%,27%,11%,12%,10%
Q3-2021,19%,20%,28%,12%,11%,10%
Q4-2021,20%,19%,29%,12%,10%,10%
