Date,Revenue
2023-01,15000
2023-02,17000
2023-03,18000
2023-04,19000
2023-05,21000
2023-06,23000
2023-07,22000
2023-08,24000
2023-09,26000
2023-10,28000
2023-11,30000
2023-12,32000
2024-01,34000
2024-02,36000
2024-03,38000
2024-04,40000
2024-05,42000
2024-06,44000
2024-07,46000
2024-08,48000
2024-09,50000
2024-10,52000
2024-11,54000
2024-12,56000
