Month,Sales
2023-01,20000
2023-02,22000
2023-03,25000
2023-04,27000
2023-05,30000
2023-06,28000
2023-07,32000
2023-08,35000
2023-09,33000
2023-10,31000
2023-11,29000
2023-12,31000
2024-01,33000
2024-02,35000
2024-03,37000
2024-04,39000
2024-05,40000
2024-06,42000
2024-07,44000
2024-08,46000
2024-09,48000
2024-10,50000
2024-11,52000
2024-12,54000
