{
    "$schema": "https://vega.github.io/schema/vega-lite/v5.json",
    "title": {
        "text": "Monthly Sales Performance of a Retail Store",
        "fontSize": 24,
        "anchor": "start",
        "offset": 10,
        "fontWeight": "bold"
    },
    "description": "Area chart displaying the monthly sales performance of a retail store.",
    "data": {
        "values": [
            {
                "Month": "2023-01",
                "Sales": 20000
            },
            {
                "Month": "2023-02",
                "Sales": 22000
            },
            {
                "Month": "2023-03",
                "Sales": 25000
            },
            {
                "Month": "2023-04",
                "Sales": 27000
            },
            {
                "Month": "2023-05",
                "Sales": 30000
            },
            {
                "Month": "2023-06",
                "Sales": 28000
            },
            {
                "Month": "2023-07",
                "Sales": 32000
            },
            {
                "Month": "2023-08",
                "Sales": 35000
            },
            {
                "Month": "2023-09",
                "Sales": 33000
            },
            {
                "Month": "2023-10",
                "Sales": 31000
            },
            {
                "Month": "2023-11",
                "Sales": 29000
            },
            {
                "Month": "2023-12",
                "Sales": 31000
            },
            {
                "Month": "2024-01",
                "Sales": 33000
            },
            {
                "Month": "2024-02",
                "Sales": 35000
            },
            {
                "Month": "2024-03",
                "Sales": 37000
            },
            {
                "Month": "2024-04",
                "Sales": 39000
            },
            {
                "Month": "2024-05",
                "Sales": 40000
            },
            {
                "Month": "2024-06",
                "Sales": 42000
            },
            {
                "Month": "2024-07",
                "Sales": 44000
            },
            {
                "Month": "2024-08",
                "Sales": 46000
            },
            {
                "Month": "2024-09",
                "Sales": 48000
            },
            {
                "Month": "2024-10",
                "Sales": 50000
            },
            {
                "Month": "2024-11",
                "Sales": 52000
            },
            {
                "Month": "2024-12",
                "Sales": 54000
            }
        ]
    },
    "mark": {
        "type": "area",
        "point": true,
        "line": {
            "color": "#FF6347"
        },
        "tooltip": true
    },
    "encoding": {
        "x": {
            "field": "Month",
            "type": "ordinal",
            "title": "Month",
            "axis": {
                "labelAngle": -45
            }
        },
        "y": {
            "field": "Sales",
            "type": "quantitative",
            "title": "Sales ($)",
            "axis": {
                "titleColor": "#228B22"
            }
        },
        "color": {
            "value": "#FFD700"
        }
    },
    "config": {
        "title": {
            "fontSize": 24,
            "anchor": "start",
            "offset": 10,
            "fontWeight": "bold"
        },
        "cell": {
            "width": 900,
            "height": 400
        },
        "view": {
            "stroke": "transparent"
        }
    },
    "background": "#FAFAD2",
    "width": 900,
    "height": 400
}