Month,Revenue
2023-01,20000
2023-02,22000
2023-03,25000
2023-04,27000
2023-05,30000
2023-06,33000
2023-07,36000
2023-08,40000
2023-09,42000
2023-10,45000
2023-11,47000
2023-12,50000
2024-01,53000
2024-02,55000
2024-03,58000
2024-04,60000
2024-05,63000
2024-06,66000
2024-07,69000
2024-08,72000
2024-09,75000
2024-10,78000
2024-11,81000
2024-12,85000
