Month,Sales
2023-01,120
2023-02,132
2023-03,131
2023-04,142
2023-05,150
2023-06,170
2023-07,165
2023-08,180
2023-09,190
2023-10,200
2023-11,215
2023-12,230
2024-01,250
2024-02,265
2024-03,280
2024-04,300
2024-05,310
2024-06,325
2024-07,340
2024-08,355
2024-09,370
2024-10,385
2024-11,400
2024-12,420
