Month,Sales
2023-01,120
2023-02,135
2023-03,145
2023-04,155
2023-05,165
2023-06,175
2023-07,185
2023-08,195
2023-09,205
2023-10,215
2023-11,225
2023-12,235
2024-01,245
2024-02,255
2024-03,265
2024-04,275
2024-05,285
2024-06,295
2024-07,305
2024-08,315
2024-09,325
2024-10,335
2024-11,345
2024-12,355
