Month,Sales
2023-01,320
2023-02,310
2023-03,350
2023-04,340
2023-05,355
2023-06,360
2023-07,370
2023-08,365
2023-09,375
2023-10,380
2023-11,390
2023-12,400
2024-01,395
2024-02,405
2024-03,410
2024-04,415
2024-05,420
2024-06,425
2024-07,430
2024-08,435
2024-09,440
2024-10,445
2024-11,450
2024-12,455
2025-01,460
2025-02,465
2025-03,470
2025-04,475
