{
    "$schema": "https://vega.github.io/schema/vega-lite/v5.json",
    "description": "Monthly Sales Distribution",
    "title": {
        "text": "Monthly Sales Distribution",
        "subtitle": "Distribution of Average Monthly Sales",
        "subtitleFontStyle": "italic",
        "subtitleFontSize": 10,
        "anchor": "start",
        "color": "black"
    },
    "width": 1000,
    "height": 500,
    "data": {
        "values": [
            {
                "Month": "2023-01",
                "Sales": 5000
            },
            {
                "Month": "2023-02",
                "Sales": 7000
            },
            {
                "Month": "2023-03",
                "Sales": 9000
            },
            {
                "Month": "2023-04",
                "Sales": 11000
            },
            {
                "Month": "2023-05",
                "Sales": 13000
            },
            {
                "Month": "2023-06",
                "Sales": 15000
            },
            {
                "Month": "2023-07",
                "Sales": 17000
            },
            {
                "Month": "2023-08",
                "Sales": 19000
            },
            {
                "Month": "2023-09",
                "Sales": 21000
            },
            {
                "Month": "2023-10",
                "Sales": 23000
            },
            {
                "Month": "2023-11",
                "Sales": 25000
            },
            {
                "Month": "2023-12",
                "Sales": 27000
            },
            {
                "Month": "2024-01",
                "Sales": 29000
            },
            {
                "Month": "2024-02",
                "Sales": 31000
            },
            {
                "Month": "2024-03",
                "Sales": 33000
            },
            {
                "Month": "2024-04",
                "Sales": 35000
            },
            {
                "Month": "2024-05",
                "Sales": 37000
            },
            {
                "Month": "2024-06",
                "Sales": 39000
            },
            {
                "Month": "2024-07",
                "Sales": 41000
            },
            {
                "Month": "2024-08",
                "Sales": 43000
            },
            {
                "Month": "2024-09",
                "Sales": 45000
            },
            {
                "Month": "2024-10",
                "Sales": 47000
            },
            {
                "Month": "2024-11",
                "Sales": 49000
            },
            {
                "Month": "2024-12",
                "Sales": 51000
            }
        ]
    },
    "mark": {
        "type": "bar",
        "width": {
            "band": 0.4
        },
        "color": "#1F77B4"
    },
    "encoding": {
        "x": {
            "field": "Sales",
            "type": "quantitative",
            "bin": {
                "step": 5000
            },
            "title": "Sales Bin ($)",
            "axis": {
                "labelAngle": 0
            }
        },
        "y": {
            "aggregate": "count",
            "type": "quantitative",
            "title": "Frequency"
        }
    }
}