Month,Sales
2023-01,5000
2023-02,7000
2023-03,9000
2023-04,11000
2023-05,13000
2023-06,15000
2023-07,17000
2023-08,19000
2023-09,21000
2023-10,23000
2023-11,25000
2023-12,27000
2024-01,29000
2024-02,31000
2024-03,33000
2024-04,35000
2024-05,37000
2024-06,39000
2024-07,41000
2024-08,43000
2024-09,45000
2024-10,47000
2024-11,49000
2024-12,51000
