Date,Revenue,Expenses,Profit,Investments
2021-Q1,120,140,30,50
2021-Q2,130,150,40,55
2021-Q3,140,160,50,60
2021-Q4,150,170,60,65
2022-Q1,155,165,70,70
2022-Q2,160,175,75,75
2022-Q3,165,180,80,80
2022-Q4,170,185,85,85
2023-Q1,175,190,90,90
2023-Q2,180,195,95,95
2023-Q3,185,200,100,100
2023-Q4,190,205,105,105
2024-Q1,195,210,110,110
2024-Q2,200,215,115,115
2024-Q3,205,220,120,120
2024-Q4,210,225,125,125
